@misc{CME211:2020:ProjectPart1,
        Author = {CME211},
        Howpublished = {https://coursework.stanford.edu},
        Month = {October 30,},
        Title = {PROJECT Part 1},
        Year = {2020}}

@misc{CME211:2020:ProjectPart2,
        Author = {CME211},
        Howpublished = {https://coursework.stanford.edu},
        Month = {November 6,},
        Title = {PROJECT Part 2},
        Year = {2020}}
